<record><leader>00000cas a2200000 a 4500</leader><controlfield tag="001">670251200</controlfield><controlfield tag="008">101015d19691974iluwn ne      0    0eng c</controlfield><datafield ind1=" " ind2=" " tag="010"><subfield code="a">  2010271295</subfield></datafield><datafield ind1=" " ind2=" " tag="040"><subfield code="a">NVF</subfield><subfield code="b">eng</subfield><subfield code="c">NVF</subfield><subfield code="d">NVF</subfield><subfield code="d">OCLCQ</subfield><subfield code="d">OCLCF</subfield><subfield code="d">OCLCO</subfield><subfield code="d">NVF</subfield></datafield><datafield ind1=" " ind2=" " tag="019"><subfield code="a">3406813</subfield><subfield code="a">472468395</subfield></datafield><datafield ind1=" " ind2=" " tag="042"><subfield code="a">pcc</subfield></datafield><datafield ind1=" " ind2=" " tag="043"><subfield code="a">n-us-il</subfield></datafield><datafield ind1="0" ind2="4" tag="245"><subfield code="a">The Western Catalyst.</subfield></datafield><datafield ind1="1" ind2=" " tag="246"><subfield code="i">Published as:</subfield><subfield code="a">Catalyst</subfield><subfield code="f">Oct. 1, 1973-May 28, 1974</subfield></datafield><datafield ind1=" " ind2=" " tag="260"><subfield code="a">Macomb, Ill. :</subfield><subfield code="b">Students of Western Illinois University,</subfield><subfield code="c">1969-1974.</subfield></datafield><datafield ind1=" " ind2=" " tag="300"><subfield code="a">151 nos. in 5 v. :</subfield><subfield code="b">ill. ;</subfield><subfield code="c">39-42 cm.</subfield></datafield><datafield ind1=" " ind2=" " tag="310"><subfield code="a">Weekly (except quarter vacation)</subfield></datafield><datafield ind1="0" ind2=" " tag="362"><subfield code="a">Vol. 1, no. 1 (Oct. 7, 1969)-</subfield></datafield><datafield ind1=" " ind2=" " tag="500"><subfield code="a">"Free to WIU students."</subfield></datafield><datafield ind1=" " ind2=" " tag="500"><subfield code="a">" ... an independent, student-owned and student-operated endeavor designed to serve the University community ..."</subfield></datafield><datafield ind1=" " ind2=" " tag="515"><subfield code="a">Issue for v. 4, no. 2 erroneously designated v. 4, no. 4.</subfield></datafield><datafield ind1=" " ind2=" " tag="525"><subfield code="a">Vols. for Feb. 10-17, 1970 accompanied by supplement with title: Special Election Day.</subfield></datafield><datafield ind1=" " ind2=" " tag="580"><subfield code="a">Merged with: Western Illinois courier (Macomb, Ill. : 1905), to form: Prairie star (Macomb, Ill.).</subfield></datafield><datafield ind1=" " ind2=" " tag="588"><subfield code="a">Latest issue consulted: Vol. 5, no. 24 (May 28, 1974).</subfield></datafield><datafield ind1="2" ind2="0" tag="610"><subfield code="a">Western Illinois University</subfield><subfield code="v">Newspapers.</subfield></datafield><datafield ind1=" " ind2="0" tag="650"><subfield code="a">College student newspapers and periodicals</subfield><subfield code="z">Illinois</subfield><subfield code="z">Macomb.</subfield></datafield><datafield ind1=" " ind2="0" tag="651"><subfield code="a">Macomb (Ill.)</subfield><subfield code="v">Newspapers.</subfield></datafield><datafield ind1="2" ind2="7" tag="610"><subfield code="a">Western Illinois University.</subfield><subfield code="2">fast</subfield><subfield code="0">(OCoLC)fst00539865</subfield></datafield><datafield ind1=" " ind2="7" tag="650"><subfield code="a">College student newspapers and periodicals.</subfield><subfield code="2">fast</subfield><subfield code="0">(OCoLC)fst00867966</subfield></datafield><datafield ind1=" " ind2="7" tag="651"><subfield code="a">Illinois</subfield><subfield code="z">Macomb.</subfield><subfield code="2">fast</subfield><subfield code="0">(OCoLC)fst01202916</subfield></datafield><datafield ind1=" " ind2="7" tag="655"><subfield code="a">Newspapers.</subfield><subfield code="2">fast</subfield><subfield code="0">(OCoLC)fst01423814</subfield></datafield><datafield ind1="2" ind2=" " tag="710"><subfield code="a">Western Illinois University.</subfield><subfield code="k">Newspapers.</subfield></datafield><datafield ind1=" " ind2=" " tag="752"><subfield code="a">United States</subfield><subfield code="b">Illinois</subfield><subfield code="c">McDonough</subfield><subfield code="d">Macomb.</subfield></datafield><datafield ind1="1" ind2="7" tag="785"><subfield code="t">Western Illinois courier (Macomb, Ill. : 1905)</subfield><subfield code="w">(DLC)  2010271295</subfield><subfield code="w">(OCoLC)16853908</subfield></datafield><datafield ind1="1" ind2="7" tag="785"><subfield code="t">Prairie star (Macomb, Ill.)</subfield><subfield code="w">(DLC)  2010271296</subfield><subfield code="w">(OCoLC)670239484</subfield></datafield></record>